<?xml version="1.0" encoding="UTF-8"?><record xmlns="http://www.loc.gov/MARC21/slim" xmlns:cinclude="http://apache.org/cocoon/include/1.0" xmlns:zs="http://www.loc.gov/zing/srw/">
  <leader>00441cz  a2200121n  4500</leader>
  <controlfield tag="001">n  95031366 </controlfield>
  <controlfield tag="003">DLC</controlfield>
  <controlfield tag="005">19951215093939.1</controlfield>
  <controlfield tag="008">950330n| acannaab|          |n aaa |||  </controlfield>
  <datafield tag="010" ind1=" " ind2=" ">
    <subfield code="a">n  95031366 </subfield>
  </datafield>
  <datafield tag="040" ind1=" " ind2=" ">
    <subfield code="a">DLC</subfield>
    <subfield code="c">DLC</subfield>
    <subfield code="d">DLC</subfield>
  </datafield>
  <datafield tag="100" ind1="1" ind2="0">
    <subfield code="a">Wolff, Kenneth M.</subfield>
  </datafield>
  <datafield tag="670" ind1=" " ind2=" ">
    <subfield code="a">Understanding workers' compensation, 1995:</subfield>
    <subfield code="b">t.p. (Kenneth M. Wolff) ; p. 4 of cover (dr. of chiropractic, qualified medical examiner, and disability evaluator in the state of Calif.)</subfield>
  </datafield>
</record>